@book{TSP,
  title={Solving the Travelling Salesman Problem Using the Ant Colony Optimization},
  author={Ivan Brezina Jr. and Zuzana Čičková},
  journal={Management Information Systems},
  year={2011}
}

@book{MTSP,
  title={A population-based algorithm for the multi travelling salesman problem},
  author={Rubén Iván Bolaños, Eliana M.Toro O and Mauricio Granada E},
  journal={International Journal of Industrial Engineering Computations 7},
  year={2016}
}

@book{MTSP2,
  title={Computational Intelligence in Engineering},
  author={Fodor, J{\'a}nos and Kacprzyk, Janusz and Rudas, Imre J},
  year={2010},
  publisher={Springer}
}

@article{Python,
 title={A Python honlapja},
 journal={https://www.python.org/}
}
@article{PythonOpenCV,
 title={Python opencv csomag},
 journal={https://pypi.org/project/opencv-python/}
}

@article{GibbsFactor,
  title={Deforming Gibbs Factor Using Tsallis q-Exponential with a Complex Parameter: An Ideal Bose Gas Case},
  author={Rovenchak, Andrij},
  journal={Symmetry},
  volume={12},
  number={5},
  pages={732},
  year={2020},
  publisher={Multidisciplinary Digital Publishing Institute}
}

@inproceedings{Astar,
  title={Pathfinding of 2D \& 3D game real-time strategy with depth direction A∗ algorithm for multi-layer},
  author={Khantanapoka, Khammapun and Chinnasarn, Krisana},
  booktitle={2009 Eighth international symposium on natural language processing},
  pages={184--188},
  year={2009},
  organization={IEEE}
}

@article{Diagrams.net,
 title={Diagrams.net},
 journal={https://app.diagrams.net/}
}

@article{Spatial,
 title={Spatial algorithms and data structures},
 journal={https://docs.scipy.org/ doc/ scipy/ reference/ spatial.html}
}

@article{Image1,
 title={Képhez felhasznált kiszállító képe},
 journal={https://www.shutterstock.com/ search/ delivery+icon}
}

@article{Image2,
 title={Képhez felhasznált ház képe},
 journal={https://www.vectorstock.com/ royalty-free-vector/ house-pictogram-icon-image-vector-11248556}
}

@article{Image3,
 title={Képhez felhasznált étterem képe},
 journal={https://www.iconspng.com/image/112099/ pictogram-restaurant}
}








